@book{Cox1992,
author={David Cox, John Little, Donal O'Shea} ,
Title="Ideals, Varieties, and Algorithms: An Introduction to Computational Algebraic Geometry and Commutative Algebra",
year="1992",
publisher="Springer New York",
}
@book{EAATN,
        author = {Pierre Colmez},
        Title ="\'El\'ements d'analyse et d'alg\`ebre (et de th\'eorie des nombres)",
        year = {2011},
				publisher = "\'Ecole Polytechnique"
}